2132 3551
561 98 908 156 REGNVM
943 24 1455 155 VEoETABIL-E.
1592 154 1596 159 ,
1852 107 1918 167 23

233 221 241 231 '
322 253 327 258 ·
418 235 904 311 CLASSIVM
961 232 1645 308 CHARACTERES.

74 407 116 459 I.
152 403 655 458 MONANDRIA.
695 417 720 452 a
744 396 884 475 μόνος
915 400 1131 458 vnicus‚
1173 408 1226 450 et
1257 392 1372 463 abab?
1401 404 1630 455 maritus,

358 473 588 524 Maritus
620 473 813 524 vnieus
845 482 898 517 m
942 469 1287 520 matrimonio.
1588 468 1596 478 '

355 540 542 594 Stamen
569 542 747 593 unicum
774 540 819 591 in
843 533 976 600 flore
1002 537 1392 608 hermaphrodito.

73 612 144 664 ΙΙ.
181 613 584 665 DIANDRIA.

363 683 551 735 Mariti
581 683 687 735 duo
715 684 767 733 in
802 674 993 729 eodem
1017 678 1285 746 coniugio.

68 763 73 769 '
360 751 567 803 Stamina
592 752 685 803 duo
712 753 759 802 in
770 747 901 812 flore
925 747 1313 818 hermaphrodito.

79 819 175 872 ΙΙΙ.
216 822 666 875 TRIANDRIA.

361 893 551 944 Mariti
580 905 690 947 tres
721 892 775 943 in
800 890 990 942 eodem
1018 889 1284 955 coniugio.

360 961 562 1013 Stamina
588 964 683 1013 tria
714 961 760 1011 in
771 957 902 1023 flore
932 957 1328 1031 hermaphrodito.

78 1030 175 1081 IV.
210 1031 738 1085 TETRANDRIA.

364 1100 553 1155 Mariti
592 1114 816 1170 quatuor
843 1103 895 1152 in
924 1102 1113 1153 eodem
1156 1100 1423 1169 coniugio

362 1170 571 1223 Stamina
598 1186 800 1241 quatuor
821 1173 868 1221 in
896 1172 1056 1222 eodem
1069 1171 1204 1236 flore
1233 1186 1334 1222 cum
1352 1169 1533 1235 fruc‘lu.
1947 1225 1953 1230 ,

361 1243 388 1307 (
401 1240 454 1293 Si
479 1241 687 1293 Stamina
719 1262 745 1290 2
767 1243 990 1310 proxima
1017 1241 1232 1293 breuiora
1244 1240 1353 1306 sant
1370 1279 1385 1304 ,
1424 1243 1666 1308 referatur
1691 1238 1751 1291 ad
1775 1238 1850 1291 CL·
1884 1245 2002 1303 14.)

79 1314 148 1365 V.
193 1311 720 1365 PENTANDRIA.

360 1382 551 1434 Mariti
582 1383 815 1450 quinque
846 1383 898 1433 in
923 1381 1114 1435 eodem
1145 1382 1410 1451 coniugio.

361 1451 567 1503 Stamina
603 1452 804 1520 quinque
831 1451 877 1501 in
907 1449 1042 1515 flore
1071 1450 1465 1522 hermaphrodiw.

83 1525 183 1578 VI.
221 1523 698 1596 HEXANDRIA.
1128 1552 1131 1554 -
1237 1557 1251 1571 s

363 1593 553 1645 Mariti
583 1597 675 1645 sex
703 1592 758 1642 in
789 1592 977 1645 eodem
1021 1594 1287 1662 coniugio

340 1662 568 1714 ’Stamina
589 1663 681 1728 sex
710 1661 756 1710 in
782 1661 914 1726 flore
947 1662 1344 1732 hermaphrodito.
1394 1686 1399 1694 ’

364 1736 390 1800 (
404 1731 465 1785 Si
491 1751 554 1783 ex
581 1731 653 1782 his
673 1729 879 1782 Stamina
919 1753 944 1782 2
981 1734 1189 1804 oppcfita
1222 1733 1460 1796 breuiora,
1479 1736 1685 1805 pertinet
1715 1733 1782 1787 ad
1804 1732 1871 1785 CL
1896 1731 2008 1799 15.)

85 1806 210 1857 VII.
231 1804 778 1864 ‚HEPTANDRIA

369 1876 551 1926 Mariti
591 1877 794 1942 septem
828 1874 876 1924 in
910 1875 1101 1927 eodem
1149 1875 1415 1943 coniugio,

371 1944 575 1995 Stamina
599 1942 767 2011 septem
792 1943 838 1993 in
857 1942 989 2008 flore
1015 1944 1171 1996 eodem
1199 1961 1299 1995 cam
1322 1943 1511 2013 pistillo.

88 2017 226 2068 VIII
281 2015 752 2068 OCTANDRIA.
797 2005 819 2061 ι’

372 2085 555 2136 Mariti
584 2084 709 2137 οέὶο
736 2085 787 2134 in
821 2084 1011 2138 eodem
1053 2084 1282 2140 thalamo
1322 2099 1444 2136 cum
1475 2083 1678 2136 femina.

379 2153 580 2205 Stamina
609 2153 710 2204 0230
741 2155 787 2203 in
817 2154 1123 2217 eodemflore
1162 2173 1262 2204 cum
1281 2153 1473 2224 pistillo.

94 2220 184 2272 IX.
224 2221 757 2276 ENNEANDRIA.

378 2293 559 2344 Mariti
594 2309 785 2344 nouem
815 2290 1080 2343 in·eodem
1123 2291 1353 2346 thalamo
1397 2309 1517 2348 cum
1550 2290 1764 2348 femina.

381 2361 582 2412 Stamina
606 2379 765 2411 nouem
807 2363 855 2412 in
873 2359 999 2423 flore
1016 2360 1396 2429 hermaphrodito.

92 2433 158 2485 X.
196 2434 664 2487 DECANDRIA.

382 2502 566 2553 Mariti
599 2500 783 2552 decem
814 2501 866 2552 in
898 2497 1088 2550 eodem
1115 2502 1377 2570 coniugio

383 2571 585 2621 Stamina
609 2570 759 2620 decem
784 2571 830 2620 in
864 2568 996 2632 flore
1022 2568 1414 2640 hermaphrodiw.

97 2643 187 2696 XI.
228 2642 814 2695 DODECANDRIA.

384 2712 568 2764 Mariti
606 2711 886 2763 duodecim
911 2712 976 2763 ad
1008 2712 1361 2762 nouendecim
1395 2714 1445 2764 in
1490 2712 1680 2765 eodem
1714 2713 1977 2779 coniugio.

97 2846 99 2849 v
384 2781 590 2833 Stamina
613 2779 846 2832 duodecim
882 2780 946 2833 ad
978 2781 1328 2832 nouendecim
1356 2783 1403 2831 in
1421 2782 1552 2848 flore
1591 2782 1981 2854 hermaphrodito.

95 2849 221 2904 XII.
257 2838 730 2905 ICOSANDRIA
755 2853 822 2904 ab
845 2868 984 2900 mom
1016 2853 1204 2918 viginti
1238 2861 1292 2902 et
1322 2845 1451 2916 αἰνῆς».

385 2923 572 2974 Mariti
605 2922 792 2988 viginti
823 2923 1171 2975 communiter
1190 2964 1205 2986 ‚
1239 2925 1394 2990 saepe
1423 2924 1619 2989 plures.

389 2991 590 3043 Stamina
632 2999 766 3058 (non
794 2991 1176 3059 receptaculo)
1207 2991 1383 3055 calycis
1418 2993 1562 3043 lateri
1590 2992 1770 3042 interno
1798 2991 1983 3044 adnata,

105 3060 249 3115 XIII.
289 3061 808 3115 POLYANDRIA.
853 3076 880 3112 a
907 3059 1052 3121 πολ-ὂς
1087 3072 1141 3112 et
1166 3057 1293 3125 ίαν-ἂς».

342 3132 350 3142 ‘
389 3131 573 3185 Mariti
603 3134 792 3201 viginti
821 3144 876 3185 et
904 3133 1050 3183 vltra
1088 3135 1143 3183 in
1174 3130 1365 3184 eodem
1394 3147 1513 3183 cum
1545 3130 1733 3184 femina
1771 3131 2018 3185 thalamo,

401 3200 604 3257 Stamina
635 3201 983 3271 receptaculo
1010 3205 1199 3255 inserta
1233 3218 1263 3250 a
1293 3218 1366 3268 220!v
1387 3201 1449 3254 ad
1476 3219 1607 3255 1000
1638 3203 1686 3253 in
1712 3201 1895 3264 eodem,
1921 3220 2021 3252 cum

667 3270 866 3345 pistillo,
875 3269 1018 3337 flore.

988 3378 1032 3432 B
1068 3393 1105 3442 4
1666 3379 1800 3432 XIV
1807 3417 1818 3432 .
1853 3375 1951 3430 m·
